@InBook{gisencyclopedia,
  title=	{{Encyclopedia of GIS {[online]}}},
  author=	{S. Shekhar and H. Xiong},
  series=	{Springer Reference},
  publisher=	{Springer},
  year=		{2008},
  pages=	{129--140},
  isbn=		{9780387308586},
  note=		{Dostupné z:\url{http://www.springer.com/computer/database+management+%26+information+retrieval/book/978-0-387-30858-6}},
}

@Article{saalfeld,
  author  =	{Alan Saalfeld},
  title   =	{{Conflation: Automated map compilation {[online]}}},
  journal =	{International Journal of Geographical Information Systems},
  pages   =	{217--228},
  volume  =	{2},
  number  =	{3},
  year    =	{1998},
  note    =	{Dostupné z:  \url{http://www.census.gov/srd/papers/pdf/rr87-24.pdf}},
}

@Article{cobb,
  author  = 	{Maria A. Cobb and Iyi J. Chung and Harold \mbox{Foley~III} and Frederick E. Petry and Kevin B. Shaw},
  title   = 	{{A Rule-based Approach for the Conlation of Attributed Vector Data {[online]}}},
  journal =	{Geoinformatica},
  pages   =	{7--35},
  volume  =	{2},
  issue   =	{1},
  year    =	{1998},
  note    =	{Dostupné z:  \url{http://80.link.springer.com.dialog.cvut.cz/article/10.1023/A%3A1009788905049}},
}

@InProceedings{rosen,
  author  =	{Barbara Rosen and Alan Saalfeld},
  title   = 	{{A General Approach to Map Conflation {[online]}}},
  booktitle = 	{Proceedings of the Digital Representations of Spatial Knowledge},
  address =	{Washington DC, USA},
  month =	{březen},
  year    =	{1985},
  pages   =	{456--462}
  note    =	{Dostupné z:  \url{http://mapcontext.com/autocarto/proceedings/auto-carto-7/pdf/match-criteria-for-automatic-alignment.pdf}},
}

@InProceedings{lupien,
  author  = 	{A. E. Lupien and W. H. Moreland},
  title   = 	{{A General Approach to Map Conflation {[online]}}},
  booktitle = 	{Proceedings of the International Symposium on Computer-Assisted Cartography},
  address =	{Baltimore, Maryland},
  month =	{březen--duben},
  year =	{1987},
  pages =	{630--639},
  note = 	{Dostupné z:  \url{http://mapcontext.com/autocarto/proceedings/auto-carto-8/pdf/a-general-approach-to-map-conflation.pdf}},
}

@InProceedings{freitas,
  author   = 	 {Sergio Fréitas and A. P. Alfonso},
  title   = 	 {{Distributed Vector based Spatial Data Conflation Services {[online]}}},
  booktitle =	 {Proceedings XIII GEOINFO},
  address =	 {Campos do Jordao, Brazil},
  month =	 {listopad},
  year =	 {2012},
  pages =	 {23--29},
  note = 	 {Dostupné z:  \url{http://www.geoinfo.info/geoinfo2012/papers/freitas.pdf}},
}

@InProceedings{matchingalgorithm,
  author = 	{D. Zhaoa and Y. Sheng and H. Guo},
  title =	{{An algorithm for automatically matching corresponding points on homonymous map features {[online]}}},
  booktitle = 	{Geoinformatics 2008 and Joint Conference on GIS and Built Environment: Advanced Spatial Data Models and Analyses},
  year  =	{2009},
  volume = 	{7146},
  editor = 	{L. Liu and X. Li and K. Liu, X. Zhang},
}

@InProceedings{semantic,
  author  = 	{J. Ressler and E. Freese and V. Boaten},
  title   = 	{{A General Approach to Map Conflation {[online]}}},
  booktitle = 	{Proceedings of the Terra Cognita Workshop},
  editor = 	{D. Kolas and N. Wiegand and G. Berg-Cross},
  address =	{Washington DC, USA},
  month =	{říjen},
  year =	{2009},
  volume = 	{518},
  note = 	{Dostupné z:  \url{http://ceur-ws.org/Vol-518/terra09_submission_3.pdf}},
}

@InProceedings{jones,
  author  = 	{J. M. Ware and C. B. Jones},
  title   = 	{{Matching and Aligning Features in Overlayed Coverages {[online]}}},
  booktitle = 	{Proceedings of 6th International Symposium on Advances in Geographical Information Systems (ACM-GIS'98)},
  year =	{1998},
  pages = 	{28-33},
  note = 	{Dostupné z:  \url{http://users.cs.cf.ac.uk/C.B.Jones/WareACMGIS98.pdf}},
}

@InProceedings{moosavi,
  author  = 	{A. Moosavi and A. A. Alesheikh},
  title   = 	{{Developing of Vector Matching Algorithm Considering Topologic Relations {[online]}}},
  booktitle = 	{Map Middle East 2008},
  address =	{Dubai, UAE},
  year =	{2008},
  month =	{duben},
  note = 	{Dostupné z:  \url{http://www.gisdevelopment.net/proceedings/mapmiddleeast/2008/mme08_40.pdf}},
}

@InProceedings{mbp,
   author  =	 {R. D. Boyce and R. Chase},
   title   =	 {{Conflation System MBP {[online]}}},
   booktitle =	 {Proceedings of CISST},
   year     =	 {2003},
   address  =	 {Las Vegas, Nevada}
   pages    =	 {246--252},
   note     = 	 {Dostupné z:  \url{http://citeseerx.ist.psu.edu/viewdoc/download?doi=10.1.1.147.9186&rep=rep1&type=pdf}},
}

@Manual{jcstechreport,
  title  =	{{Java Conflation Suite: Technical Report {[online]}}},
  organization =	{Vivid Solutions},
  editor =	{M. Davis and J. Aquino},
  note =	{Dostupné z:  \url{http://www.vividsolutions.com/jcs/bin/JCS%20Technical%20Report.pdf}},
}

@Manual{qgisCCguide,
  title  =	{{QGIS Coding and Compilation Guide: Version 1.6 'Copiapó' {[online]}}},
  organization ={OSGeo},
  author =	{Quantum GIS Development Team},
  year =	{2004}
  copyright =	{2004--2010 Quantum GIS Development Team},
  note =	{Dostupné z:  \url{http://download.osgeo.org/qgis/doc/manual/qgis-1.6.0_coding-compilation_guide_en.pdf}},
}

@Misc{opensourceconflation,
  author  =	{D. Blasby and M. Davis and D. Kim and P. Ramsey},
  title  =	{{GIS Conflation using Open Source Tools {[online]}}},
  year  =	{2004},
  note  = 	{Dostupné z:  \url{http://130.203.133.150/viewdoc/summary;jsessionid=8DAC68DCD24ADA3B38CFEE24108FD070?doi=10.1.1.195.9292}},
}

@Misc{wiki,
  author =       {},
  title =        {{Wikipedie, anglická a česká verze {[online]}}},
  note =         {\url{http://wikipedia.org/}},
  year =         {},
}

@Misc{qgis,
  author =       {},
  title =        {{Quantum GIS {[online]}}},
  note =         {\url{http://www.qgis.org/}},
  year =         {},
}

@Misc{qgisdev,
  author =       {Tim Sutton and Gary Sherman and Marco Hugentobler},
  title =        {{Developers guide for QGIS {[online]}}},
  note =         {\url{qgis.org/api/CODING.html}},
  year =         {},
}

@Misc{pyqgis,
  author =       {},
  title =        {{PyQGIS Developer Cookbook {[online]}}},
  note =         {Dostupné z:  \url{http://www.qgis.org/pyqgis-cookbook/}},
  year =         {},
}

@Misc{qt,
  author =       {},
  title =        {{Qt {[online]}}},
  note =         {Dostupné z:  \url{http://qt-project.org/doc/qt-4.8/}},
  year =         {},
}

@Misc{qtdoc,
  author =       {},
  title =        {{Qt Project 4.8 Documentation {[online]}}},
  note =         {Dostupné z:  \url{http://qt-project.org/doc/qt-4.8/}},
  year =         {},
}

@Misc{jcs,
  author =       {},
  title =        {{JCS Conflation Suite {[online]}}},
  note =         {Dostupné z:  \url{http://www.vividsolutions.com/jcs/}},
  year =         {},
}

@Misc{geos,
  author =       {},
  title =        {{GEOS - Geometry Engine, Opens Source {[online]}}},
  note =         {Dostupné z:  \url{http://trac.osgeo.org/geos/}},
  year =         {},
}

@Misc{osmconflation,
  author =       {},
  title =        {{OpenStreetMap Wiki - Conflation {[online]}}},
  note =         {Dostupné z:  \url{http://wiki.openstreetmap.org/wiki/Conflation}},
  year =         {},
}

@Misc{arcgishelp,
  author =       {},
  title =        {{ArcGIS Resource Center - Desktop 10 Help {[online]}}},
  note =         {Dostupné z:  \url{http://help.arcgis.com/en/arcgisdesktop/10.0/help/}},
  year =         {},
}
